@article{DBLP:journals/corr/abs-1802-08842,
  author    = {Patryk Chrabaszcz and
               Ilya Loshchilov and
               Frank Hutter},
  title     = {Back to Basics: Benchmarking Canonical Evolution Strategies for Playing
               Atari},
  journal   = {CoRR},
  volume    = {abs/1802.08842},
  year      = {2018},
  url       = {http://arxiv.org/abs/1802.08842},
  archivePrefix = {arXiv},
  eprint    = {1802.08842},
  timestamp = {Mon, 13 Aug 2018 16:46:45 +0200},
  biburl    = {https://dblp.org/rec/bib/journals/corr/abs-1802-08842},
  bibsource = {dblp computer science bibliography, https://dblp.org}
}
@misc{salimans2017evolution,
    title={Evolution Strategies as a Scalable Alternative to Reinforcement Learning},
    author={Tim Salimans and Jonathan Ho and Xi Chen and Szymon Sidor and Ilya Sutskever},
    year={2017},
    eprint={1703.03864},
    archivePrefix={arXiv},
    primaryClass={stat.ML}
}