@article{back-to-basics,
  author    = {Patryk Chrabaszcz and
               Ilya Loshchilov and
               Frank Hutter},
  title     = {Back to Basics: Benchmarking Canonical Evolution Strategies for Playing
               Atari},
  journal   = {CoRR},
  volume    = {abs/1802.08842},
  year      = {2018},
  url       = {http://arxiv.org/abs/1802.08842},
  archivePrefix = {arXiv},
  eprint    = {1802.08842},
  timestamp = {Mon, 13 Aug 2018 16:46:45 +0200},
  biburl    = {https://dblp.org/rec/bib/journals/corr/abs-1802-08842},
  bibsource = {dblp computer science bibliography, https://dblp.org}
}
@misc{salimans2017evolution,
    title={Evolution Strategies as a Scalable Alternative to Reinforcement Learning},
    author={Tim Salimans and Jonathan Ho and Xi Chen and Szymon Sidor and Ilya Sutskever},
    year={2017},
    eprint={1703.03864},
    url= {https://arxiv.org/abs/1703.03864},
    archivePrefix={arXiv},
    primaryClass={stat.ML}
}
@article{cem-rl,
  author    = {Alo{\"{\i}}s Pourchot and
               Olivier Sigaud},
  title     = {{CEM-RL:} Combining evolutionary and gradient-based methods for policy
               search},
  journal   = {CoRR},
  volume    = {abs/1810.01222},
  year      = {2018},
  url       = {http://arxiv.org/abs/1810.01222},
  archivePrefix = {arXiv},
  eprint    = {1810.01222},
  timestamp = {Tue, 30 Oct 2018 10:49:09 +0100},
  biburl    = {https://dblp.org/rec/bib/journals/corr/abs-1810-01222},
  bibsource = {dblp computer science bibliography, https://dblp.org}
}
@article{erl,
  author    = {Shauharda Khadka and
               Kagan Tumer},
  title     = {Evolutionary Reinforcement Learning},
  journal   = {CoRR},
  volume    = {abs/1805.07917},
  year      = {2018},
  url       = {http://arxiv.org/abs/1805.07917},
  archivePrefix = {arXiv},
  eprint    = {1805.07917},
  timestamp = {Mon, 13 Aug 2018 16:48:35 +0200},
  biburl    = {https://dblp.org/rec/bib/journals/corr/abs-1805-07917},
  bibsource = {dblp computer science bibliography, https://dblp.org}
}
@inproceedings{pel,
  title     = {An Evolution Strategy with Progressive Episode Lengths for Playing Games},
  author    = {Fuks, Lior and Awad, Noor and Hutter, Frank and Lindauer, Marius},
  booktitle = {Proceedings of the Twenty-Eighth International Joint Conference on
               Artificial Intelligence, {IJCAI-19}},
  publisher = {International Joint Conferences on Artificial Intelligence Organization},             
  pages     = {1234--1240},
  year      = {2019},
  month     = {7},
  doi       = {10.24963/ijcai.2019/172},
  url       = {https://doi.org/10.24963/ijcai.2019/172},
}
